<?xml version="1.0" encoding="UTF-8"?><record xmlns="http://www.loc.gov/MARC21/slim" xmlns:cinclude="http://apache.org/cocoon/include/1.0" xmlns:zs="http://www.loc.gov/zing/srw/">
  <leader>00705cz  a2200145n  4500</leader>
  <controlfield tag="001">n  78054211 </controlfield>
  <controlfield tag="003">DLC</controlfield>
  <controlfield tag="005">20041026052938.0</controlfield>
  <controlfield tag="008">780817n| acannaabn          |n aaa      </controlfield>
  <datafield tag="010" ind1=" " ind2=" ">
    <subfield code="a">n  78054211 </subfield>
  </datafield>
  <datafield tag="035" ind1=" " ind2=" ">
    <subfield code="a">(OCoLC)oca00189996</subfield>
  </datafield>
  <datafield tag="040" ind1=" " ind2=" ">
    <subfield code="a">DLC</subfield>
    <subfield code="c">DLC</subfield>
    <subfield code="d">FMU</subfield>
  </datafield>
  <datafield tag="100" ind1="1" ind2=" ">
    <subfield code="a">Hallett, Michael,</subfield>
    <subfield code="d">1930-</subfield>
  </datafield>
  <datafield tag="670" ind1=" " ind2=" ">
    <subfield code="a">His John Logie Baird ... 1978:</subfield>
    <subfield code="b">t.p. (Michael Hallett) jkt. (b. 1930)</subfield>
  </datafield>
  <datafield tag="670" ind1=" " ind2=" ">
    <subfield code="a">Hallett's WWW site, viewed Oct. 25, 2004</subfield>
    <subfield code="b">(Michael Hallett, Dept. of Philosophy, McGill Univ.; PhD, London School of Economics, 1979; author of works on philosophy and history of mathematics, philosophy of science, and history of logic (in particular Frege, Russell, Hilbert); no mention of the John Logie Baird title)</subfield>
  </datafield>
</record>